@book{hamermesh1989group,
  title={Group Theory and Its Application to Physical Problems},
  author={Hamermesh, M.},
  isbn={9780486661810},
  lccn={89023257},
  series={Dover Books on Physics Series},
  url={http://books.google.rs/books?id=c0o9\_wlCzgcC},
  year={1989},
  publisher={Dover Publications}
}
@book{milic,
  title={Елементи алгебре},
  author={Светозар Милић}
}
@book{linearna,
  title={Елементи линеарне алгебре},
  author={Зоран Стојаковић, Ивица Бошњак},
  year={2010},
  publisher={Stylos}
}
@book{lax,
  title={Lineáris algebra és alkalmazásai},
  author={Peter D. Lax},
  year={2008},
  publisher={Akadémiai Kiadó}
}
@booklet{kresimir,
  title={Grupe, simetrije i tenzori u fizici},
  author={Krešimir Kumerički},
  year={2012},
  url={http://www.phy.pmf.unizg.hr/~kkumer/simetrije/biljeske/handout.pdf}
}
@booklet{holandjani,
  title={Group theory for Maths, Physics and Chemistry students},
  author={Arjeh Cohen, Rosane Ushirobira, Jan Draisma},
  year={2007},
  institution={Technische Universiteit van Eindhoven, Department of Mathematics and Computer Science}
}
@booklet{tong,
  title={Dynamics and Relativity},
  author={David Tong},
  year={2013},
  institution={University of Cambridge, Department of Applied Mathematics and Theoretical Physics}
}
